# 在此直接复制GB/T 7714－2015 bib条目，第一行内容为在正文引用\cite{}的关键词
# 推荐使用百度学术生成GB/T 7714－2015 bib条目


@article{mogensen2018optim,
  author  = {Mogensen, Patrick Kofod and Riseth, Asbj{\o}rn Nilsen},
  title   = {Optim: A mathematical optimization package for {Julia}},
  journal = {Journal of Open Source Software},
  year    = {2018},
  volume  = {3},
  number  = {24},
  pages   = {615},
  doi     = {10.21105/joss.00615}
}

@MISC{noauthor_undated-tl,
  title    = "Roots.jl: Root finding functions for Julia",
  language = "en"
}

@MISC{Barbary_undated-tp,
  title    = "Dierckx.jl: Julia package for 1-d and 2-d splines",
  author   = "Barbary, Kyle",
  language = "en"
}

@MISC{noauthor_undated-ea,
  title    = "Plots.jl: Powerful convenience for Julia visualizations and data
              analysis",
  language = "en"
}